@URL {ieeespectrum,
    author   = "IEEE Spectrum",
    year     = "2017",
    month    = "jul",
    url = "http://spectrum.ieee.org/static/interactive-the-top-programming-languages-2017"
}
